%% BibTeX bibliography

@article{metropolis_1953,
	Author = {Metropolis, N. and Rosenbluth, A.~W. and Rosenbluth, M.~N. and Teller, A.~H. and Teller, E.},
	Doi = {{10.1063/1.1699114}},
	Issn = {{0021-9606}},
	Journal = {{J.~Chem.~Phys.}},
	Number = {{6}},
	Pages = {{1087-1092}},
    Title = {Equation of state calculations by fast computing machines},
	Unique-Id = {{ISI:A1953UC11200020}},
	Volume = {{21}},
	Year = {{1953}},
	Bdsk-Url-1 = {http://dx.doi.org/10.1063/1.1699114%7D}
}

@article{doll_1985,
	Author = {Doll, J.~D. and Coalson, R.~D. and Freeman, D.~L.},
	doi = {10.1103/PhysRevLett.55.1},
	Journal = {{Phys.~Rev.~Lett.}},
	Number = {{1}},
	Pages = {{1-4}},
    Title = {Fourier Path-Integral Monte Carlo Methods: Partial Averaging},
	Volume = {{55}},
	Year = {{1985}},
}

@article{duane_1987,
	Author = {Duane, S. and Kennedy, A.~D. and Pendleton, B.~J. and Roweth, D.},
	Journal = {{Phys.~Lett.~B}},
	Number = {{2}},
	Pages = {{216-222}},
	Title = {{Hybrid Monte Carlo}},
	Volume = {{195}},
	Year = {{1987}},
}

@article{tuckerman_1992,
  title={Reversible multiple time scale molecular dynamics},
  author={Tuckerman, M. and Berne, B.~J. and Martyna, G.~J.},
  journal={J.~Chem.~Phys.},
  volume={97},
  number={3},
  pages={1990-2001},
  year={1992}
}

@article{tuckerman_1993,
   author = {Tuckerman, M.~E. and Berne, B.~J. and Martyna, G.~J. and Klein, M.~L.},
   title = {Efficient molecular dynamics and hybrid Monte Carlo algorithms for path integrals},
   journal = {J.~Chem.~Phys.},
   year = {1993},
   volume = {99},
   number = {4},
   pages = {2796-2808}
}

@article{lau_2007,
  title={State-dependent diffusion: thermodynamic consistency and its path integral formulation},
  author={Lau, A.~W.~C. and Lubensky, T.~C.},
  journal={Phys.~Rev.~E},
  volume={76},
  number={1},
  pages={011123},
  year={2007},
  publisher={APS}
}
